@article{humbe2007mathematical,
	title={Mathematical morphology approach for genuine fingerprint feature extraction},
	author={Humbe, Vikas and Gornale, SS and Manza, Ramesh and Kale, KV},
	journal={International Journal of Computer Science and Security},
	volume={1},
	number={2},
	pages={45--51},
	year={2007}
}
@article{mikolajczyk2005performance,
	title={A performance evaluation of local descriptors},
	author={Mikolajczyk, Krystian and Schmid, Cordelia},
	journal={IEEE transactions on pattern analysis and machine intelligence},
	volume={27},
	number={10},
	pages={1615--1630},
	year={2005},
	publisher={IEEE}
}
@INPROCEEDINGS{5734132, 
	author={B. Bozorgtabar and F. Noorian and G. A. Rezai Rad}, 
	booktitle={2010 5th International Symposium on Telecommunications}, 
	title={Comparison of different PCA based Face Recognition algorithms using Genetic Programming}, 
	year={2010}, 
	pages={801-805}, 
	keywords={eigenvalues and eigenfunctions;face recognition;genetic algorithms;principal component analysis;eigenfaces method;face recognition algorithms;genetic programming;multilinear PCA;principal component analyses;security systems automation;two dimensional PCA;Classification algorithms;Face recognition;Feature extraction;Genetic programming;Principal component analysis;Tensile stress;Training;Face Recognition;Genetic Programming;Leveraging Algorithm;PCA}, 
	doi={10.1109/ISTEL.2010.5734132}, 
	month={Dec},}
@incollection{eleyan2007pca,
	title={Pca and lda based neural networks for human face recognition},
	author={Eleyan, Alaa and Demirel, Hasan},
	booktitle={Face Recognition},
	year={2007},
	publisher={InTech}
}

@article{hong1998fingerprint,
	title={Fingerprint image enhancement: Algorithm and performance evaluation},
	author={Hong, Lin and Wan, Yifei and Jain, Anil},
	journal={IEEE transactions on pattern analysis and machine intelligence},
	volume={20},
	number={8},
	pages={777--789},
	year={1998},
	publisher={IEEE}
}
@phdthesis{bai2013analyse,
	title={Analyse d'images pour une recherche d'images bas{\'e}e contenu dans le domaine transform{\'e}.},
	author={Bai, Cong},
	year={2013},
	school={INSA de Rennes}
}
@misc{khan2011fingerprint,
	title={Fingerprint image enhancement and minutiae extraction},
	author={Khan, Muhammad Ali},
	year={2011},
	publisher={California State Polytechnic University, Pomona}
}
 
@book{anderson2010kanban,
	title={Kanban: successful evolutionary change for your technology business},
	author={Anderson, David J},
	year={2010},
	publisher={Blue Hole Press}
}

@article{wayman2005introduction,
	title={An introduction to biometric authentication systems},
	author={Wayman, James and Jain, Anil and Maltoni, Davide and Maio, Dario},
	journal={Biometric Systems},
	pages={1--20},
	year={2005},
	publisher={Springer}
}
@article{pavevsic2004personal,
	title={Personal authentication using hand-geometry and palmprint features--the state of the art},
	author={Pave{\v{s}}i{\'c}, Nikola and Ribari{\'c}, Slobodan and Ribari{\'c}, Damir},
	journal={Hand},
	volume={11},
	pages={12},
	year={2004}
}
@article{Wassila2007,
	author = {Wassila, Boukhari and Mohamed, Benyettou},
	file = {:E$\backslash$:/PFE/PFE/Articles/F{\'{e}}vrier/24.pdf:pdf},
	issn = {16130073},
	journal = {CEUR Workshop Proceedings},
	mendeley-groups = {PFE/Currently Reading/Fev},
	title = {{Identification Biométrique des Individus par leurs
	Empreintes Palmaires Palmprints : Classification par
	la Méthode des Séparateurs à Vaste Marge (SVM) }},
	volume = {547},
	year = {2007}
}
@incollection{zhang2009palmprint,
	title={Palmprint Features},
	author={Zhang, David and Liu, Laura L},
	booktitle={Encyclopedia of Biometrics},
	pages={1043--1049},
	year={2009},
	publisher={Springer}
}
@article{shu1998automated,
	title={Automated personal identification by palmprint},
	author={Shu, Wei and Zhang, David},
	journal={Optical Engineering},
	volume={37},
	number={8},
	pages={2359--2362},
	year={1998},
	publisher={International Society for Optics and Photonics}
}
@article{noore2015fusion,
	title={Fusion, Sensor Level},
	author={Noore, Afzel and Singh, Richa and Vasta, Mayank},
	journal={Encyclopedia of Biometrics},
	pages={772--778},
	year={2015},
	publisher={Springer}
}
@article{bansal2011minutiae,
	title={Minutiae extraction from fingerprint images-a review},
	author={Bansal, Roli and Sehgal, Priti and Bedi, Punam},
	journal={arXiv preprint arXiv:1201.1422},
	year={2011}
}
@article{bansal2010effective,
	title={Effective morphological extraction of true fingerprint minutiae based on the hit or miss transform},
	author={Bansal, Roli and Sehgal, Priti and Bedi, Punam},
	journal={International Journal of Biometrics and Bioinformatics (IJBB)},
	volume={4},
	number={2},
	pages={71},
	year={2010}
}
@article{boasson1995artistry,
  title={The artistry of software architecture},
  author={Boasson, Maarten},
  journal={IEEE Software},
  volume={12},
  number={6},
  pages={13},
  year={1995},
  publisher={IEEE Computer Society}
}
@inproceedings{udupa2001fast,
	title={Fast and accurate fingerprint verification},
	author={Udupa, Raghavendra and Garg, Gaurav and Sharma, Pramod Kumar},
	booktitle={AVBPA},
	volume={2091},
	pages={192--197},
	year={2001},
	organization={Springer}
}
@article{ballard1981generalizing,
	title={Generalizing the Hough transform to detect arbitrary shapes},
	author={Ballard, Dana H},
	journal={Pattern recognition},
	volume={13},
	number={2},
	pages={111--122},
	year={1981},
	publisher={Elsevier}
}
@inproceedings{liang2006fingerprint,
	title={Fingerprint matching using minutia polygons},
	author={Liang, Xuefeng and Asano, Tetsuo},
	booktitle={Pattern Recognition, 2006. ICPR 2006. 18th International Conference on},
	volume={1},
	pages={1046--1049},
	year={2006},
	organization={IEEE}
}
@inproceedings{shi2009minucode,
	title={Minucode: A fixed-value representation of fingerprint minutiae for biometric cryptosystem},
	author={Shi, Jinyang and Lam, Kwok-Yan},
	booktitle={International Conference on Information Security and Assurance},
	pages={382--391},
	year={2009},
	organization={Springer}
}
@article{sheng2007memetic,
	title={A memetic fingerprint matching algorithm},
	author={Sheng, Weiguo and Howells, Gareth and Fairhurst, Michael and Deravi, Farzin},
	journal={IEEE Transactions on Information Forensics and Security},
	volume={2},
	number={3},
	pages={402--412},
	year={2007},
	publisher={IEEE}
}
@article{tan2006fingerprint,
	title={Fingerprint matching by genetic algorithms},
	author={Tan, Xuejun and Bhanu, Bir},
	journal={Pattern Recognition},
	volume={39},
	number={3},
	pages={465--477},
	year={2006},
	publisher={Elsevier}
}
@article{arbab2015forensic,
	title={On forensic use of biometrics},
	author={Arbab-Zavar, Banafshe and Xingjie, Wei and Bustard, John and Nixon, Mark S and Li, Chang-Tsun},
	year={2015},
	publisher={Wiley}
}
@article{Jianjiang2010Finger,
	author = {Jianjiang Feng, and Anil K. Jain, and Karthik Nandakumar},
	title = {Fingerprint Matching},
	journal = {Computer},
	volume = {43},
	number = {},
	issn = {0018-9162},
	year = {2010},
	pages = {36-44},
	doi = {doi.ieeecomputersociety.org/10.1109/MC.2010.38},
	publisher = {IEEE Computer Society},
	address = {Los Alamitos, CA, USA},
}
@article{sheng2009consensus,
	title={Consensus fingerprint matching with genetically optimised approach},
	author={Sheng, Weiguo and Howells, Gareth and Fairhurst, Michael C and Deravi, Farzin and Harmer, Karl},
	journal={pattern recognition},
	volume={42},
	number={7},
	pages={1399--1407},
	year={2009},
	publisher={Elsevier}
}
@article{meenen2006utilization,
	title={The utilization of a Taylor series-based transformation in fingerprint verification},
	author={Meenen, Peter and Ashrafi, Ashkan and Adhami, Reza},
	journal={Pattern recognition letters},
	volume={27},
	number={14},
	pages={1606--1618},
	year={2006},
	publisher={Elsevier}
}
@inproceedings{weber1992cost,
	title={A cost effective fingerprint verification algorithm for commercial applications},
	author={Weber, DM},
	booktitle={Communications and Signal Processing, 1992. COMSIG'92., Proceedings of the 1992 South African Symposium on},
	pages={99--104},
	year={1992},
	organization={IEEE}
}
@article{Perronnin2002,
	author = {Perronnin, Florent and Dugelay, Jean-luc},
	journal = {Traitement du Signal},
	mendeley-groups = {PFE},
	pages = {253--265},
	title = {{Introduction {\`{a}} la Biom{\'{e}}trie Authentification des Individus par Traitement Audio-Vid{\'{e}}o An Introduction to Biometrics Audio and Video-Based Person Authentification}},
	volume = {19},
	year = {2002}
}
@article{Ross,
	author = {{A. Ross}, Arun and Karthik, Nandakumar and {Anil K.}, Jain},
	file = {:C$\backslash$:/Users/ketimaBU/AppData/Local/Mendeley Ltd./Mendeley Desktop/Downloaded/Ross - Unknown - Handbook of Multibiometrics.pdf:pdf},
	isbn = {9780387222967},
	journal = {Springer Science {\&} Business Media},
	mendeley-groups = {PFE,PFE/Currently Reading},
	title = {{Handbook of Multibiometrics}},
	volume = {6},
	year = {2006}
}
@article{Jain2004,
	abstract = {A wide variety of systems requires reliable personal recognition schemes to either confirm or determine the identity of an individual requesting their services. The purpose of such schemes is to ensure that the rendered services are accessed only by a legitimate user and no one else. Examples of such applications include secure access to buildings, computer systems, laptops, cellular phones, and ATMs. In the absence of robust personal recognition schemes, these systems are vulnerable to the wiles of an impostor. Biometric recognition or, simply, biometrics refers to the automatic recognition of individuals based on their physi- ological and/or behavioral characteristics. By using biometrics, it is possible to confirm or establish an individual's identity based on “who she is,” rather than by “what she possesses” (e.g., an ID card) or “what she remembers” (e.g., a password). In this paper, we give a brief overview of the field of biometrics and summarize some of its advantages, disadvantages, strengths, limitations, and related privacy concerns.},
	author = {Jain, Anil K. and Ross, Arun and Prabhakar, Salil},
	doi = {10.1109/TCSVT.2003.818349},
	file = {:C$\backslash$:/Users/ketimaBU/AppData/Local/Mendeley Ltd./Mendeley Desktop/Downloaded/Jain, Ross, Prabhakar - 2004 - An Introduction to Biometric Recognition.pdf:pdf},
	isbn = {1051-8215},
	issn = {10518215},
	journal = {IEEE Transactions on Circuits and Systems for Video Technology},
	keywords = {Biometrics,Identification,Multimodal biometrics,Recognition,Verification},
	mendeley-groups = {PFE,PFE/Currently Reading},
	month = {jan},
	number = {1},
	pages = {4--20},
	title = {{An Introduction to Biometric Recognition}},
	url = {http://ieeexplore.ieee.org/document/1262027/},
	volume = {14},
	year = {2004}
}

@article{belahcene2012comparaison,
	title={Comparaison des methodes de reduction d’espace et l’application des SVMs pour la classification dans l’authentification de visages},
	author={Belahcene, M{\'e}barka and Ouamane, Abdelmalik and Boumehrez, Mohamed and Benakcha, Abdelmalik},
	year={2012}
}
@inproceedings{he2004locality,
	title={Locality preserving projections},
	author={He, Xiaofei and Niyogi, Partha},
	booktitle={Advances in neural information processing systems},
	pages={153--160},
	year={2004}
}

@article{yue2010survey,
	title={Survey of palmprint recognition algorithms},
	author={Yue, Feng and Zuo, Wang-Meng and Zhang, D},
	journal={Acta Automatica Sinica},
	volume={36},
	number={3},
	pages={353--365},
	year={2010}
}
@phdthesis{honeine2007methodes,
	title={M{\'e}thodes {\`a} noyau pour l'analyse et la d{\'e}cision en environnement non-stationnaire},
	author={Honeine, Paul},
	year={2007},
	school={Troyes}
}
@article{li2002palmprint,
	title={Palmprint identification by Fourier transform},
	author={Li, Wenxin and Zhang, David and Xu, Zhuoqun},
	journal={International Journal of Pattern Recognition and Artificial Intelligence},
	volume={16},
	number={04},
	pages={417--432},
	year={2002},
	publisher={World Scientific}
}
@article{li2005texture,
	title={Texture-based palmprint retrieval using a layered search scheme for personal identification},
	author={Li, Wenxin and You, Jane and Zhang, David},
	journal={IEEE Transactions on Multimedia},
	volume={7},
	number={5},
	pages={891--898},
	year={2005},
	publisher={IEEE}
}
@article{you2004On, 
	author={J. You and Wai-Kin Kong and D. Zhang and King Hong Cheung}, 
	journal={IEEE Transactions on Circuits and Systems for Video Technology}, 
	title={On hierarchical palmprint coding with multiple features for personal identification in large databases}, 
	year={2004}, 
	volume={14}, 
	number={2}, 
	pages={234-243}, 
	keywords={biometrics (access control);feature extraction;fuzzy set theory;image classification;image coding;image representation;visual databases;automatic personal identification;biometric technology;coarse-to-fine matching;feature extraction;feature representation;fuzzy interest line;fuzzy set;global geometry-based key point distance;global texture energy;guided search;hierarchical palmprint coding;identity authentication;local directional texture energy;palmprint classification;security systems;similarity measurement;texture measurement;Authentication;Biometrics;Data security;Error analysis;Feature extraction;Fingerprint recognition;Image databases;Indexing;Spatial databases;Testing}, 
	doi={10.1109/TCSVT.2003.821978}, 
	ISSN={1051-8215}, 
	month={Feb},}
@inproceedings{xiao2010novel,
	title={A Novel Method for Palmprint Recognition Based on Tensor Subspace Learning},
	author={Xiao, Yong Liang},
	booktitle={Key Engineering Materials},
	volume={439},
	pages={1398--1403},
	year={2010},
	organization={Trans Tech Publ}
}
@incollection{poon2004personal,
	title={Personal identification and verification: fusion of palmprint representations},
	author={Poon, Carmen and Wong, David CM and Shen, Helen C},
	booktitle={Biometric Authentication},
	pages={782--788},
	year={2004},
	publisher={Springer}
}
@article{kong2008two,
	title={A two stage neural network-based personal identification system using handprint},
	author={Kong, Jun and Lu, Yinghua and Wang, Shuhua and Qi, Miao and Li, Hongzhi},
	journal={Neurocomputing},
	volume={71},
	number={4},
	pages={641--647},
	year={2008},
	publisher={Elsevier}
}
@article{Kumar2005,
	author = {Kumar, Ajay and Zhang, David},
	doi = {10.1016/j.patcog.2005.03.012},
	file = {:C$\backslash$:/Users/ketimaBU/Downloads/com/kumar2005.pdf:pdf},
	keywords = {biometrics,fixed combination rules,fusion,gabor filters,multiple classifiers,palmprint authentication},
	pages = {1695--1704},
	title = {{Personal authentication using multiple palmprint representation}},
	volume = {38},
	year = {2005}
}

@article{kong2009survey,
	title={A survey of palmprint recognition},
	author={Kong, Adams and Zhang, David and Kamel, Mohamed},
	journal={pattern recognition},
	volume={42},
	number={7},
	pages={1408--1418},
	year={2009},
	publisher={Elsevier}
}

@inproceedings{wang2006kernel,
	title={Kernel fisher discriminant analysis for palmprint recognition},
	author={Wang, Yanxia and Ruan, Qiuqi},
	booktitle={Pattern Recognition, 2006. ICPR 2006. 18th International Conference on},
	volume={4},
	pages={457--460},
	year={2006},
	organization={IEEE}
}

@article{morizet2006revue,
	title={Revue des algorithmes PCA, LDA et EBGM utilisés en reconnaissance 2D du visage pour la biométrie},
	author={MORIZET, Nicolas and Thomas, EA and ROSSANT, Florence and AMIEL, Frédéric and AMARA, Amara},
	journal={P1-11. Institut Supérieur d'Electronique de Paris (ISEP), département d'Electronique},
	year={2006}
}
@inproceedings{lu2008palmprint,
	title={Palmprint recognition via locality preserving projections and extreme learning machine neural network},
	author={Lu, Jiwen and Zhao, Yongwei and Xue, Yanxue and Hu, Junlin},
	booktitle={Signal Processing, 2008. ICSP 2008. 9th International Conference on},
	pages={2096--2099},
	year={2008},
	organization={IEEE}
}
@article{cardoso2002analyse,
	title={Analyse en composantes ind{\'e}pendantes},
	author={Cardoso, Jean-Fran{\c{c}}ois},
	journal={Proc. of XXXIV Journ{\'e}es de Statistique, Bruxelles},
	year={2002}
}
@inproceedings{iitsuka2009palmprint,
	title={A palmprint recognition algorithm using principal component analysis of phase information},
	author={Iitsuka, Satoshi and Miyazawa, Kazuyuki and Aoki, Takafumi},
	booktitle={Image Processing (ICIP), 2009 16th IEEE International Conference on},
	pages={1973--1976},
	year={2009},
	organization={IEEE}
}
@phdthesis{meyer2009,
	TITLE = {{Reconnaissance Biom{\'e}trique par Fusion Multimodale du Visage et de l'Iris}},
	AUTHOR = {Morizet, Nicolas},
	URL = {https://pastel.archives-ouvertes.fr/pastel-00005811},
	SCHOOL = {{T{\'e}l{\'e}com ParisTech}},
	YEAR = {2009},
	MONTH = Mar,
	KEYWORDS = {Reconnaissance ; Biom{\'e}trie ; Fusion ; Multimodale ; Visage ; Iris ; Ondelettes ; Statistiques},
	TYPE = {Theses},
	PDF = {https://pastel.archives-ouvertes.fr/pastel-00005811/file/These_NMorizet_Final.pdf},
	HAL_ID = {pastel-00005811},
	HAL_VERSION = {v1},
}
@article{iso2006iec,
	title={IEC 19795-1: Information technology-Biometric performance testing and reporting-Part 1: Principles and framework},
	author={ISO, ISO},
	journal={ISO/IEC, Editor},
	year={2006}
}
@article{galar2015survey,
	title={A survey of fingerprint classification part II: experimental analysis and ensemble proposal},
	author={Galar, Mikel and Derrac, Joaqu{\'\i}n and Peralta, Daniel and Triguero, Isaac and Paternain, Daniel and Lopez-Molina, Carlos and Garc{\'\i}a, Salvador and Ben{\'\i}tez, Jos{\'e} M and Pagola, Miguel and Barrenechea, Edurne and others},
	journal={Knowledge-Based Systems},
	volume={81},
	pages={98--116},
	year={2015},
	publisher={Elsevier}
}
@book{davida2002infrastructure,
	title={Infrastructure Security: International Conference, InfraSec 2002 Bristol, UK, October 1-3, 2002 Proceedings},
	author={Davida, George and Frankel, Yair},
	number={2437},
	year={2002},
	publisher={Springer},
	doi = {10.1007/3-540-45831-x},
	url = {https://doi.org/10.1007/3-540-45831-x},

}

@article{mansfield2002best,
 
 
institution = {National Physical Laboratory},
keywords = {biometric, pe1},
posted-at = {2008-10-01 13:48:36},
priority = {2},
title = {{Best Practices in Testing and Reporting Performance of Biometric Devices}},
 
	author={Mansfield, Anthony J and Wayman, James L},
	year={2002},
	publisher={Centre for Mathematics and Scientific Computing, National Physical Laboratory Teddington, Middlesex, UK}
}
@article{liu2001practical,
	title={A practical guide to biometric security technology},
	author={Liu, Simon and Silverman, Mark},
	journal={IT Professional},
	volume={3},
	number={1},
	pages={27--32},
	year={2001},
	publisher={IEEE}
}
@article{egan1975signal,
 added-at = {2012-03-02T03:39:18.000+0100},
address = {New York, NY},
author = {Egan, J. P.},
biburl = {http://www.bibsonomy.org/bibtex/201dd3e78c87e176f64daa8027d8bf430/baby9992006},
citeulike-article-id = {931676},
interhash = {887c5623f9461dd7bcb7a819a6645b94},
intrahash = {01dd3e78c87e176f64daa8027d8bf430},
keywords = {classification, detection, processing, signal},
posted-at = {2012-03-01 12:29:11},
priority = {2},
publisher = {Academic Press},
series = {Series in Cognition and Perception},
timestamp = {2012-03-02T03:39:19.000+0100},
title = {Signal detection theory and {ROC} analysis},
year = {1975}
}
@article{jain2004multibiometric,
	title={Multibiometric systems},
	author={Jain, Anil K and Ross, Arun},
	journal={Communications of the ACM},
	volume={47},
	number={1},
	pages={34--40},
	year={2004},
	publisher={ACM}
}
@misc{Mainguet2017,
	author = {Mainguet, J.},
	mendeley-groups = {PFE/Currently Reading/Chap2/JAN},
	title = {{Accuracy Biometrics (Mainguet) / La biom{\'{e}}trie: pr{\'{e}}cision. [online] Biometrics.mainguet.org.}},
	url = {http://biometrics.mainguet.org/basics/accuracy.htm},
	urldate = {2017-02-19},
	year = {2017}
}

@article{Hu2015,
	abstract = {Although visible face recognition has been an active area of research for several decades, cross-modal face recognition has only been explored by the biometrics community relatively recently. Thermal-to-visible face recognition is one of the most difficult cross-modal face recognition challenges, because of the difference in phenomenology between the thermal and visible imaging modalities. We address the cross-modal recognition problem using a partial least squares (PLS) regression-based approach consisting of preprocessing, feature extraction, and PLS model building. The preprocessing and feature extraction stages are designed to reduce the modality gap between the thermal and visible facial signatures, and facilitate the subsequent one-vs-all PLS-based model building. We incorporate multi-modal information into the PLS model building stage to enhance cross-modal recognition. The performance of the proposed recognition algorithm is evaluated on three challenging datasets containing visible and thermal imagery acquired under different experimental scenarios: time-lapse, physical tasks, mental tasks, and subject-to-camera range. These scenarios represent difficult challenges relevant to real-world applications. We demonstrate that the proposed method performs robustly for the examined scenarios.},
	author = {Hu, Shuowen and Choi, Jonghyun and Chan, Alex L and Schwartz, William Robson},
	doi = {10.1364/JOSAA.32.000431},
	journal = {J. Opt. Soc. Am. A},
	keywords = {Digital image processing; Pattern recognition; Alg},
	mendeley-groups = {PFE/Currently Reading/Chap2/JAN},
	month = {mar},
	number = {3},
	pages = {431--442},
	publisher = {OSA},
	title = {{Thermal-to-visible face recognition using partial least squares}},
	url = {http://josaa.osa.org/abstract.cfm?URI=josaa-32-3-431},
	volume = {32},
	year = {2015}
}
@incollection{ross2008introduction,
	author = {Ross, Arun and Nandakumar, Karthik and Jain, Anil K},
	booktitle = {Handbook of Biometrics},
	mendeley-groups = {PFE/Currently Reading/Chap2},
	pages = {271--292},
	publisher = {Springer},
	title = {{Introduction to multibiometrics}},
	year = {2008}
}
@article{jain2007technology,
	title={Technology: biometric recognition},
	author={Jain, Anil K},
	journal={Nature},
	volume={449},
	number={7158},
	pages={38--40},
	year={2007},
	publisher={Nature Publishing Group}
}
@mastersthesis{dhamala2012multibiometric,
	title={Multibiometric systems},
	author={Dhamala, Pushpa},
	year={2012},
	school={Institutt for telematikk}
}
@article{rattani2009robust,
	title={Robust multi-modal and multi-unit feature level fusion of face and iris biometrics},
	author={Rattani, Ajita and Tistarelli, Massimo},
	journal={Advances in Biometrics},
	pages={960--969},
	year={2009},
	publisher={Springer}
}
@inproceedings{chin2009integrating,
	title={Integrating palmprint and fingerprint for identity verification},
	author={Chin, Yong Jian and Ong, Thian Song and Goh, Michael KO and Hiew, Bee Yan},
	booktitle={Network and System Security, 2009. NSS'09. Third International Conference on},
	pages={437--442},
	year={2009},
	organization={IEEE}
}
@article{peralta2017robust,
	title={Robust classification of different fingerprint copies with deep neural networks for database penetration rate reduction},
	author={Peralta, Daniel and Triguero, Isaac and Garc{\'\i}a, Salvador and Saeys, Yvan and Benitez, Jose M and Herrera, Francisco},
	journal={arXiv preprint arXiv:1703.07270},
	year={2017}
}
@article{chang2005evaluation,
	title={An evaluation of multimodal 2D+ 3D face biometrics},
	author={Chang, Kyong I and Bowyer, Kevin W and Flynn, Patrick J},
	journal={IEEE transactions on pattern analysis and machine intelligence},
	volume={27},
	number={4},
	pages={619--624},
	year={2005},
	publisher={IEEE}
}
@article{brunelli1995person,
	title={Person identification using multiple cues},
	author={Brunelli, Roberto and Falavigna, Daniele},
	journal={IEEE transactions on pattern analysis and machine intelligence},
	volume={17},
	number={10},
	pages={955--966},
	year={1995},
	publisher={IEEE}
}
@article{ross2003information,
	title={Information fusion in biometrics},
	author={Ross, Arun and Jain, Anil},
	journal={Pattern recognition letters},
	volume={24},
	number={13},
	pages={2115--2125},
	year={2003},
	publisher={Elsevier}
}
@article{Ross2004a,
	author = {Ross, A. and Jain, A.},
	journal = {Proceedings of the 12th European Signal Processing Conference (EUSIPCO), (Vienna, Austria)},
	mendeley-groups = {PFE/Currently Reading/Chap2},
	pages = {1221--1224},
	title = {{Multimodal biometrics: an overview}},
	year = {2004}
}

@misc{1_trader_2017,
	author = {Trader, John},
	booktitle = {M2SYS Blog On Biometric Technology},
	title = {{The Top 5 Reasons to Deploy Multimodal Biometrics}},
	url = {http://www.m2sys.com/blog/important-biometric-terms-to-know/top-5-reasons-deploy-multimodal-biometrics/},
	year = {2017}
}
 
@article{ross2006information,
	author = {Ross, Arun A and Jain, Anil K and Nandakumar, Karthik},
	journal = {Handbook of Multibiometrics},
	mendeley-groups = {PFE/Currently Reading/Chap2,PFE/Currently Reading/Correction},
	pages = {37--58},
	publisher = {Springer},
	title = {{Information fusion in biometrics}},
	year = {2006}
}
@article{C.SandersonandK.Paliwal.2002,
	author = {{C. Sanderson and K. Paliwal.}},
	journal = {Tech. Rep. IDIAP-RR 02-33, IDAIP, Sep- tember},
	mendeley-groups = {PFE/Currently Reading/Chap2},
	title = {{Information fusion and person verification using speech and face information}},
	year = {2002}
}
@inproceedings{gudavalli2012multimodal,
	title={Multimodal Biometrics--Sources, Architecture and Fusion Techniques: An Overview},
	author={Gudavalli, Madhavi and Raju, S Viswanadha and Babu, A Vinaya and Kumar, D Srinivasa},
	booktitle={Biometrics and Security Technologies (ISBAST), 2012 International Symposium on},
	pages={27--34},
	year={2012},
	organization={IEEE}
}
@article{hong1998integrating,
	title={Integrating faces and fingerprints for personal identification},
	author={Hong, Lin and Jain, Anil},
	journal={IEEE transactions on pattern analysis and machine intelligence},
	volume={20},
	number={12},
	pages={1295--1307},
	year={1998},
	publisher={IEEE}
}
@book{maltoni2009handbook,
	title={Handbook of fingerprint recognition},
	author={Maltoni, Davide and Maio, Dario and Jain, Anil and Prabhakar, Salil},
	year={2009},
	publisher={Springer Science \& Business Media}
}
@article{hasan2013fingerprint,
	title={Fingerprint image enhancement and recognition algorithms: a survey},
	author={Hasan, Haitham and Abdul-Kareem, S},
	journal={Neural Computing and Applications},
	volume={23},
	number={6},
	pages={1605--1610},
	year={2013},
	publisher={Springer}
}
@article{jain2007pores,
	title={Pores and ridges: High-resolution fingerprint matching using level 3 features},
	author={Jain, Anil K and Chen, Yi and Demirkus, Meltem},
	journal={IEEE Transactions on Pattern Analysis and Machine Intelligence},
	volume={29},
	number={1},
	pages={15--27},
	year={2007},
	publisher={IEEE}
}
@article{chen2006algorithm,
	title={An algorithm for distorted fingerprint matching based on local triangle feature set},
	author={Chen, Xinjian and Tian, Jie and Yang, Xin and Zhang, Yangyang},
	journal={IEEE Transactions on Information Forensics and Security},
	volume={1},
	number={2},
	pages={169--177},
	year={2006},
	publisher={IEEE}
}
@article{kristensen2012two,
	title={Two Different Regimes of Fingerprint Identification--a Comparison},
	author={Kristensen, Terje},
	journal={American Journal of Computational and Applied Mathematics},
	volume={2},
	number={2},
	pages={1--9},
	year={2012},
	publisher={Scientific \& Academic Publishing}
}
@book{Bhanu2004,
	abstract = {1. Introduction -- 2. Learned Templates for Minutiae Extraction -- 3. Fingerprint Indexing -- 4. Fingerprint Matching by Genetic Algorithms -- 5. Genetic Programming for Fingerprint Classification -- 6. Classification and Indexing Approaches for Identification -- 7. Fundamental Performance Analysis -- Prediction and Validation -- 8. Summary and Future Work.},
	author = {Bhanu, Bir. and Tan, Xuejun.},
	isbn = {1402076517},
	mendeley-groups = {PFE,PFE/Currently Reading},
	pages = {191},
	publisher = {Kluwer Academic Publishers},
	title = {{Computational algorithms for fingerprint recognition}},
	year = {2004}
}
@article{Babatunde2012,
	abstract = {Fingerprint has remained a very vital index for human recognition. In the field of security, series of Automatic Fingerprint Identification Systems (AFIS) have been developed. One of the indices for evaluating the contributions of these systems to the enforcement of security is the degree with which they appropriately verify or identify input fingerprints. This degree is generally determined by the quality of the fingerprint images and the efficiency of the algorithm. In this paper, some of the sub-models of an existing mathematical algorithm for the fingerprint image enhancement were modified to obtain new and improved versions. The new versions consist of different mathematical models for fingerprint image segmentation, normalization, ridge orientation estimation, ridge frequency estimation, Gabor filtering, binarization and thinning. The implementation was carried out in an environment characterized by Window Vista Home Basic operating system as platform and Matrix Laboratory (MatLab) as frontend engine. Synthetic images as well as real fingerprints obtained from the FVC2004 fingerprint database DB3 set A were used to test the adequacy of the modified sub-models and the resulting algorithm. The results show that the modified sub-models perform well with significant improvement over the original versions. The results also show the necessity of each level of the enhancement. Keyword-},
	author = {Babatunde, Iwasokun Gabriel},
	file = {:E$\backslash$:/PFE/PFE/Articles/Documents/Paper 3-Fingerprint Image Enhancement.pdf:pdf},
	journal = {(IJACSA) International Journal of Advanced Computer Science and Applications},
	keywords = {- afis,fingerprint,image enhancement,minutiae,pattern recognition},
	mendeley-groups = {PFE/Currently Reading/Chap2},
	number = {1},
	pages = {15--24},
	title = {{Fingerprint Image Enhancement : Segmentation to Thinning}},
	volume = {3},
	year = {2012}
}
@article{saveski2010development,
	title={Development of an Automated Fingerprint Verification System},
	author={Saveski, Martin},
	year={2010}
}
@inproceedings{tisse2001systeme,
	title={Système automatique de reconnaissance d'empreintes digitales. Sécurisation de l'authentification sur carte à puce},
	author={Tisse, Christel-Lo{\"\i}c and MARTIN, Lionel and Torres, Lionel and Robert, Michel},
	booktitle={18 Colloque sur le traitement du signal et des images, FRA, 2001},
	year={2001},
	organization={GRETSI, Groupe d’Etudes du Traitement du Signal et des Images}
}
@article{Thai2003,
	abstract = {Fingerprints are the oldest and most widely used form of biometric identification. Despite the widespread use of fingerprints, there is little statistical theory on the uniqueness of fingerprint minutiae. A critical step in studying the statistics of fingerprint minutiae is to reliably extract minutiae from the fingerprint images. However, fingerprint images are rarely of perfect quality. They may be degraded and corrupted due to variations in skin and impression conditions. Thus, image enhancement techniques are employed prior to minutiae extraction to obtain a more reliable estimation of minutiae locations. In this dissertation, I firstly provide discussion on the methodology and im- plementation of techniques for fingerprint image enhancement and minutiae ex- traction. Experiments using a mixture of both synthetic test images and real fingerprint images are then conducted to evaluate the performance of the imple- mented techniques. In combination with these techniques, preliminary results on the statistics of fingerprint images are then presented and discussed.},
	author = {Thai, Raymond},
	Institution  ={The University of Western Australia},
	file = {:E$\backslash$:/PFE/PFE/Articles/F{\'{e}}vrier/RaymondThai.pdf:pdf},
	keywords = {filtering,fingerprint,fingerprint statistics,image enhancement,image postprocessing,minutiae extraction},
	mendeley-groups = {PFE/Currently Reading/Correction,PFE/Currently Reading/Fev},
	pages = {63},
	title = {{Fingerprint Image Enhancement and Minutiae Extraction}},
	year = {2003}
}
@article{amengual1997real,
	publisher = {IET},
	author={J. C. Amengual and A. Juan and J. C. Perez and F. Prat and S. Saez and J. M. Vilar}, 
	booktitle={1997 Sixth International Conference on Image Processing and Its Applications}, 
	title={Real-time minutiae extraction in fingerprint images}, 
	year={1997}, 
	volume={2}, 
	pages={871-875 vol.2}, 
	keywords={real-time systems;AFIS;automatic fingerprint identification system;bifurcations;ending;feature extraction;fingerprint images;fingerprint ridges;local features;real-time minutiae extraction}, 
	doi={10.1049/cp:19971021}, 
	ISSN={0537-9989}, 
	month={Jul},}
}
@article{mehtre1993fingerprint,
	author = {Mehtre, Babu M},
	journal = {Machine Vision and Applications},
	mendeley-groups = {PFE/Currently Reading/Correction},
	number = {2-3},
	pages = {124--139},
	publisher = {Springer},
	title = {{Fingerprint image analysis for automatic identification}},
	volume = {6},
	year = {1993}
}
@inproceedings{kasaei1997fingerprint,
	author = {Kasaei, Shohreh and Deriche, Mohamed and Boashash, Boualem},
	booktitle = {TENCON'97. IEEE Region 10 Annual Conference. Speech and Image Technologies for Computing and Telecommunications., Proceedings of IEEE},
	mendeley-groups = {PFE/Currently Reading/Correction},
	organization = {IEEE},
	pages = {303--306},
	title = {{Fingerprint feature extraction using block-direction on reconstructed images}},
	volume = {1},
	year = {1997}
}

@article{Peralta2015a,
author = {Peralta, Daniel and Galar, Mikel and Triguero, Isaac and Paternain, Daniel and Garc\'{\i}a, Salvador and Barrenechea, Edurne and Ben\'{\i}tez, Jos{\'e} M. and Bustince, Humberto and Herrera, Francisco},
title = {A Survey on Fingerprint Minutiae-based Local Matching for Verification and Identification},
journal = {Inf. Sci.},
issue_date = {September 2015},
volume = {315},
number = {C},
month = sep,
year = {2015},
issn = {0020-0255},
pages = {67--87},
numpages = {21},
url = {http://dx.doi.org/10.1016/j.ins.2015.04.013},
doi = {10.1016/j.ins.2015.04.013},
acmid = {2778006},
publisher = {Elsevier Science Inc.},
address = {New York, NY, USA},
keywords = {Biometrics, Fingerprint identification, Fingerprint verification, Local matching, Minutiae},
}

@inproceedings{jiang2000fingerprint,
	title={Fingerprint minutiae matching based on the local and global structures},
	author={Jiang, Xudong and Yau, Wei-Yun},
	booktitle={Pattern recognition, 2000. Proceedings. 15th international conference on},
	volume={2},
	pages={1038--1041},
	year={2000},
	organization={IEEE}
}
@inproceedings{bengueddoudj2013improving,
	title={Improving fingerprint minutiae matching using local and global structures},
	author={Bengueddoudj, Abdallah and Akrouf, Samir and Belhadj, Foudil and Nada, Derradji},
	booktitle={Systems, Signal Processing and their Applications (WoSSPA), 2013 8th International Workshop on},
	pages={279--282},
	year={2013},
	organization={IEEE}
}
@inproceedings{mistry2013fusion,
	title={Fusion fingerprint minutiae matching system for personal identification},
	author={Mistry, Pratixa I and Paunwala, Chirag N},
	booktitle={Computing, Communications and Networking Technologies (ICCCNT), 2013 Fourth International Conference on},
	pages={1--6},
	year={2013},
	organization={IEEE}
}
@inproceedings{ratha2000robust,
	title={Robust fingerprint authentication using local structural similarity},
	author={Ratha, Nalini K and Bolle, Ruud M and Pandit, Vinayaka D and Vaish, Vaibhav},
	booktitle={Applications of Computer Vision, 2000, Fifth IEEE Workshop on.},
	pages={29--34},
	year={2000},
	organization={IEEE}
}
@article{ratha1996real,
	title={A real-time matching system for large fingerprint databases},
	author={Ratha, Nalini K and Karu, Kalle and Chen, Shaoyun and Jain, Anil K},
	journal={IEEE Transactions on Pattern Analysis and Machine Intelligence},
	volume={18},
	number={8},
	pages={799--813},
	year={1996},
	publisher={IEEE}
}
@article{Watson2010,
	author = {Watson, C.I. and Garris, M.D. and Tabassi, E. and Wilson, C.L. and Mccabe, R.M. and Janet, S. and Ko, K.},
	journal = {Technical Report, NIST},
	mendeley-groups = {PFE/Currently Reading/Chap2/JAN/Matching},
	title = {{User's Guide to NIST Biometric Image Software (NBIS)}},
	year = {2010}
}
@inproceedings{cao2009fingerprint,
	title={Fingerprint matching based on neighboring information and penalized logistic regression},
	author={Cao, Kai and Yang, Xin and Tian, Jie and Zhang, Yangyang and Li, Peng and Tao, Xunqiang},
	booktitle={International Conference on Biometrics},
	pages={617--626},
	year={2009},
	organization={Springer}
}
@article{benhammadi2007fingerprint,
	title={Fingerprint matching from minutiae texture maps},
	author={Benhammadi, Farid and Amirouche, MN and Hentous, Hamid and Beghdad, K Bey and Aissani, Mohamed},
	journal={Pattern Recognition},
	volume={40},
	number={1},
	pages={189--197},
	year={2007},
	publisher={Elsevier}
}
@article{chikkerur2007fingerprint,
	title={Fingerprint enhancement using STFT analysis},
	author={Chikkerur, Sharat and Cartwright, Alexander N and Govindaraju, Venu},
	journal={Pattern recognition},
	volume={40},
	number={1},
	pages={198--211},
	year={2007},
	publisher={Elsevier}
}
@inproceedings{chikkerur2005impact,
	title={Impact of singular point detection on fingerprint matching performance},
	author={Chikkerur, Sharat and Ratha, Nalini},
	booktitle={Automatic Identification Advanced Technologies, 2005. Fourth IEEE Workshop on},
	pages={207--212},
	year={2005},
	organization={IEEE}
}
@inproceedings{zhang2002core,
	author = {Zhang, Weiwei and Wang, Yangsheng},
	booktitle = {Pattern Recognition, 2002. Proceedings. 16th International Conference on},
	mendeley-groups = {PFE/Currently Reading/Correction},
	organization = {IEEE},
	pages = {70--74},
	title = {{Core-based structure matching algorithm of fingerprint verification}},
	volume = {1},
	year = {2002}
}
@article{he2003image,
	title={Image enhancement and minutiae matching in fingerprint verification},
	author={He, Yuliang and Tian, Jie and Luo, Xiping and Zhang, Tanghui},
	journal={Pattern recognition letters},
	volume={24},
	number={9},
	pages={1349--1360},
	year={2003},
	publisher={Elsevier}
}
@article{feng2008combining,
	author = {Feng, Jianjiang},
	journal = {Pattern Recognition},
	mendeley-groups = {PFE/Currently Reading/Correction},
	number = {1},
	pages = {342--352},
	publisher = {Elsevier},
	title = {{Combining minutiae descriptors for fingerprint matching}},
	volume = {41},
	year = {2008}
}

@inproceedings{chikkerur2006k,
	title={K-plet and coupled BFS: a graph based fingerprint representation and matching algorithm},
	author={Chikkerur, Sharat and Cartwright, Alexander N and Govindaraju, Venu},
	booktitle={International Conference on Biometrics},
	pages={309--315},
	year={2006},
	organization={Springer}
}
@article{cappelli2010minutia,
	title={Minutia cylinder-code: A new representation and matching technique for fingerprint recognition},
	author={Cappelli, Raffaele and Ferrara, Matteo and Maltoni, Davide},
	journal={IEEE Transactions on Pattern Analysis and Machine Intelligence},
	volume={32},
	number={12},
	pages={2128--2141},
	year={2010},
	publisher={IEEE}
}
@misc{Counter2016,
	author = {{B. Counter}, Peter},
	booktitle = {Biometrics Year in Review: Top Modalities - FindBiometrics},
	mendeley-groups = {PFE/Currently Reading/Correction},
	title = {{Biometrics Year in Review: Top Modalities - FindBiometrics}},
	url = {http://findbiometrics.com/top-modalities-301130/},
	urldate = {2017-02-09},
	year = {2016}
}
@book{galton1892finger,
	title={Finger prints},
	author={Galton, Francis},
	year={1892},
	publisher={Macmillan and Company}
}
@book{henry1905classification,
	title={Classification and uses of finger prints},
	author={Henry, Edward Richard},
	year={1905},
	publisher={HM Stationery Office}
}
@article{JIANG2009,
	author = {Jiang, Xudong},
	file = {:E$\backslash$:/PFE/PFE/Articles/Encyclopidia1.pdf:pdf},
	journal = {Nanyang Technological University, Nanyang Link, Singapore},
	mendeley-groups = {PFE/Currently Reading/Chap2/JAN/Matching},
	pages = {439--446},
	title = {{Fingerprint Classification}},
	year = {2009}
}
@article{mridula2014review,
	title={A Review on Classification of Fingerprint Images},
	author={Mridula, Priyanka},
	journal={IOSR Journal of Electronics and Communication Engineering (IOSR-JECE) e-ISSN: 2278-2834, p-ISSN: 2278-8735. Volume},
	volume={9},
	pages={61--66},
	year={2014}
}
@article{karu1996fingerprint,
	title={Fingerprint classification},
	author={Karu, Kalle and Jain, Anil K},
	journal={Pattern recognition},
	volume={29},
	number={3},
	pages={389--404},
	year={1996},
	publisher={Elsevier}
}
@inproceedings{maio1996structural,
	title={A structural approach to fingerprint classification},
	author={Maio, Dario and Maltoni, Davide},
	booktitle={Pattern Recognition, 1996., Proceedings of the 13th International Conference on},
	volume={3},
	pages={578--585},
	year={1996},
	organization={IEEE}
}
@article{lorena2008review,
	title={A review on the combination of binary classifiers in multiclass problems},
	author={Lorena, Ana Carolina and De Carvalho, Andr{\'e} CPLF and Gama, Jo{\~a}o MP},
	journal={Artificial Intelligence Review},
	volume={30},
	number={1},
	pages={19--37},
	year={2008},
	publisher={Springer}
}
@article{bergounioux2008quelques,
	title={Quelques m{\'e}thodes math{\'e}matiques pour le traitement d'image},
	author={Bergounioux, Ma{\"\i}tine},
	year={2008}
}
@inproceedings{kong2002palmprint,
	title={Palmprint texture analysis based on low-resolution images for personal authentication},
	author={Kong, Wai Kin and Zhang, David},
	booktitle={Pattern Recognition, 2002. Proceedings. 16th International Conference on},
	volume={3},
	pages={807--810},
	year={2002},
	organization={IEEE}
}
@article{o1998overview,
	title={An overview of fingerprint verification technologies},
	author={O'Gorman, Lawrence},
	journal={Information Security Technical Report},
	volume={3},
	number={1},
	pages={21--32},
	year={1998},
	publisher={Elsevier}
}
@incollection{diederich2001face,
  title={Face recognition using kernel methods},
  author={Diederich, T and Becker, S and Ghahramani, Z},
  booktitle={Advances in Neural Information Processing Systems},
  volume={14},
  pages={960--966},
  year={2001},
  publisher={MIT Press}
}
@inproceedings{wang2006palmprint,
  title={Palmprint recognition based on two-dimensional methods},
  author={Wang, Meng and Ruan, Qiuqi},
  booktitle={Signal Processing, 2006 8th International Conference on},
  volume={4},
  year={2006},
  organization={IEEE}
}

@inproceedings{ma2009palmprint,
title={Palmprint Recognition Based on 2DPCA--Moment Invariant},
author={Ma, You and Sun, Jifeng},
booktitle={Image and Graphics, 2009. ICIG'09. Fifth International Conference on},
pages={149--155},
year={2009},
organization={IEEE}
}
  @inproceedings{noh2005palmprint,
  title={Palmprint identification algorithm using Hu invariant moments and Otsu binarization},
  author={Noh, Jin Soo and Rhee, Kang Hyeon},
  booktitle={Computer and Information Science, 2005. Fourth Annual ACIS International Conference on},
  pages={94--99},
  year={2005},
  organization={IEEE}
}
@article{zhang2012comparative,
  title={A comparative study of palmprint recognition algorithms},
  author={Zhang, David and Zuo, Wangmeng and Yue, Feng},
  journal={ACM Computing Surveys (CSUR)},
  volume={44},
  number={1},
  pages={2},
  year={2012},
  publisher={ACM}
}
@article{hennings2007palmprint,
  title={Palmprint classification using multiple advanced correlation filters and palm-specific segmentation},
  author={Hennings-Yeomans, Pablo H and Kumar, BVK Vijaya and Savvides, Marios},
  journal={IEEE Transactions on Information Forensics and Security},
  volume={2},
  number={3},
  pages={613--622},
  year={2007},
  publisher={IEEE}
}
@article{wu2006palm,
  title={Palm line extraction and matching for personal authentication},
  author={Wu, Xiangqian and Zhang, David and Wang, Kuanquan},
  journal={IEEE Transactions on Systems, Man, and Cybernetics-Part A: Systems and Humans},
  volume={36},
  number={5},
  pages={978--987},
  year={2006},
  publisher={IEEE}
}
@article{liu2007detecting,
  title={Detecting wide lines using isotropic nonlinear filtering},
  author={Liu, Laura and Zhang, David and You, Jane},
  journal={IEEE Transactions on image processing},
  volume={16},
  number={6},
  pages={1584--1595},
  year={2007},
  publisher={IEEE}
}
@article{rucklidge1997efficiently,
  title={Efficiently locating objects using the Hausdorff distance},
  author={Rucklidge, William J},
  journal={International Journal of computer vision},
  volume={24},
  number={3},
  pages={251--270},
  year={1997},
  publisher={Springer}
}
@inproceedings{kong2004competitive,
  title={Competitive coding scheme for palmprint verification},
  author={Kong, AW-K and Zhang, David},
  booktitle={Pattern Recognition, 2004. ICPR 2004. Proceedings of the 17th International Conference on},
  volume={1},
  pages={520--523},
  year={2004},
  organization={IEEE}
}
@article{han2007palmprint,
  title={Palmprint recognition based on directional features and graph matching},
  author={Han, Yufei and Tan, Tieniu and Sun, Zhenan},
  journal={Advances in Biometrics},
  pages={1164--1173},
  year={2007},
  publisher={Springer}
}
@inproceedings{sun2006graph,
  title={Graph matching iris image blocks with local binary pattern},
  author={Sun, Zhenan and Tan, Tieniu and Qiu, Xianchao},
  booktitle={International Conference on Biometrics},
  pages={366--372},
  year={2006},
  organization={Springer}
}
@article{zhang2004hierarchical,
  title={Hierarchical Palmprint Coding with Multi-Features},
  author={Zhang, David D},
  journal={Palmprint Authentication},
  pages={169--182},
  year={2004},
  publisher={Springer}
}

@article{hu1962visual,
  title={Visual pattern recognition by moment invariants},
  author={Hu, Ming-Kuei},
  journal={IRE transactions on information theory},
  volume={8},
  number={2},
  pages={179--187},
  year={1962},
  publisher={IEEE}
}
@article{lu2003palmprint,
	title={Palmprint recognition using eigenpalms features},
	author={Lu, Guangming and Zhang, David and Wang, Kuanquan},
	journal={Pattern Recognition Letters},
	volume={24},
	number={9},
	pages={1463--1467},
	year={2003},
	publisher={Elsevier}
}
@inproceedings{yang2002face,
	title={Face recognition using kernel methods},
	author={Yang, Ming-Hsuan},
	booktitle={Advances in neural information processing systems},
	pages={1457--1464},
	year={2002}
	}
@inproceedings{cui2011three,
	title={Three dimensional palmprint recognition using linear discriminant analysis method},
	author={Cui, Jinrong and Xu, Yong},
	booktitle={Innovations in Bio-inspired Computing and Applications (IBICA), 2011 Second International Conference on},
	pages={107--111},
	year={2011},
	organization={IEEE}
}
@article{bartlett2002face,
	title={Face recognition by independent component analysis},
	author={Bartlett, Marian Stewart and Movellan, Javier R and Sejnowski, Terrence J},
	journal={IEEE Transactions on neural networks},
	volume={13},
	number={6},
	pages={1450--1464},
	year={2002},
	publisher={IEEE}
}
@inproceedings{connie2003palmprint,
	title={Palmprint Recognition with PCA and ICA},
	author={Connie, Tee and Teoh, Andrew and Goh, Michael and Ngo, David},
	booktitle={Proc. Image and Vision Computing, New Zealand},
	year={2003}
}